@article{grbleibt,
  title={Wo bleibt der Aufzug?},
  author={GR, MARTIN and KRUMKE, SVEN O and RAMBAU, Jorg}
}
@inproceedings{manasse1988competitive,
	title={Competitive algorithms for on-line problems},
	author={Manasse, Mark and McGeoch, Lyle and Sleator, Daniel},
	booktitle={Proceedings of the twentieth annual ACM symposium on Theory of computing},
	pages={322--333},
	year={1988},
	organization={ACM}
}
@book{pinedo2012scheduling,
	title={Scheduling: theory, algorithms, and systems},
	author={Pinedo, Michael L},
	year={2012},
	publisher={Springer Science \& Business Media}
}